<record><leader>00000cas a2200000 a 4500</leader><controlfield tag="001">12789152</controlfield><controlfield tag="008">851113d18841889ksuwr ne      0    0eng d</controlfield><datafield ind1=" " ind2=" " tag="010"><subfield code="a">sn 85032050 </subfield></datafield><datafield ind1=" " ind2=" " tag="040"><subfield code="a">KSH</subfield><subfield code="b">eng</subfield><subfield code="c">KSH</subfield><subfield code="d">NPT</subfield><subfield code="d">OBN</subfield><subfield code="d">OCL</subfield><subfield code="d">OCLCQ</subfield><subfield code="d">OCLCF</subfield><subfield code="d">OCLCO</subfield></datafield><datafield ind1="1" ind2=" " tag="029"><subfield code="a">AU@</subfield><subfield code="b">000022165237</subfield></datafield><datafield ind1=" " ind2=" " tag="042"><subfield code="a">msc</subfield></datafield><datafield ind1=" " ind2=" " tag="043"><subfield code="a">n-us-ks</subfield></datafield><datafield ind1="0" ind2=" " tag="130"><subfield code="a">Kansas State journal (Topeka, Kan. : Weekly)</subfield></datafield><datafield ind1="1" ind2="0" tag="245"><subfield code="a">Kansas State journal.</subfield></datafield><datafield ind1="3" ind2=" " tag="246"><subfield code="a">Kansas weekly journal</subfield></datafield><datafield ind1=" " ind2=" " tag="260"><subfield code="a">Topeka, Kan. :</subfield><subfield code="b">State Journal Co.</subfield></datafield><datafield ind1=" " ind2=" " tag="300"><subfield code="a">v.</subfield></datafield><datafield ind1=" " ind2=" " tag="310"><subfield code="a">Weekly</subfield></datafield><datafield ind1="0" ind2=" " tag="362"><subfield code="a">Vol. 11, no. 15 (Apr. 10, 1884)-v. 16, no. 16 (Apr. 25, 1889).</subfield></datafield><datafield ind1=" " ind2=" " tag="500"><subfield code="a">Published by: Journal Pub. Co. &amp; State Journal Co., May 15-Sept. 11, 1884; State Journal Co., Sept. 18, 1884-Apr. 9, 1885; Frank P. Maclennan, Oct. 29, 1885-Apr. 25, 1889.</subfield></datafield><datafield ind1=" " ind2=" " tag="580"><subfield code="a">Also issued in daily editions called: Topeka daily journal, Apr. 7, 1884-Oct. 31, 1885; Kansas State journal (Topeka, Kan. : Daily) Nov. 2-26, 1885; Kansas daily State journal, Nov. 27, 1885-July 15, 1887; Daily State journal, July 16-Sept. 16, 1887; State journal (Topeka, Kan. : Daily) Sept. 17, 1887-May 25, 1889.</subfield></datafield><datafield ind1=" " ind2="0" tag="651"><subfield code="a">Topeka (Kan.)</subfield><subfield code="v">Newspapers.</subfield></datafield><datafield ind1=" " ind2="0" tag="651"><subfield code="a">Shawnee County (Kan.)</subfield><subfield code="v">Newspapers.</subfield></datafield><datafield ind1=" " ind2="7" tag="655"><subfield code="a">Newspapers.</subfield><subfield code="2">fast</subfield><subfield code="0">(OCoLC)fst01423814</subfield></datafield><datafield ind1=" " ind2="7" tag="651"><subfield code="a">Kansas</subfield><subfield code="z">Shawnee County.</subfield><subfield code="2">fast</subfield><subfield code="0">(OCoLC)fst01218523</subfield></datafield><datafield ind1=" " ind2="7" tag="651"><subfield code="a">Kansas</subfield><subfield code="z">Topeka.</subfield><subfield code="2">fast</subfield><subfield code="0">(OCoLC)fst01207212</subfield></datafield><datafield ind1=" " ind2=" " tag="752"><subfield code="a">United States</subfield><subfield code="b">Kansas</subfield><subfield code="c">Shawnee</subfield><subfield code="d">Topeka.</subfield></datafield><datafield ind1="1" ind2=" " tag="775"><subfield code="t">Topeka daily journal</subfield><subfield code="w">(DLC)sn 82016016</subfield></datafield><datafield ind1="1" ind2=" " tag="775"><subfield code="t">Kansas State journal (Topeka, Kan. : Daily)</subfield><subfield code="w">(DLC)sn 82016010</subfield></datafield><datafield ind1="1" ind2=" " tag="775"><subfield code="t">Kansas daily state journal</subfield><subfield code="w">(DLC)sn 85067021</subfield></datafield><datafield ind1="1" ind2=" " tag="775"><subfield code="t">Daily State journal</subfield><subfield code="w">(DLC)sn 82016007</subfield></datafield><datafield ind1="1" ind2=" " tag="775"><subfield code="t">State journal (Topeka, Kan. : Daily)</subfield><subfield code="w">(DLC)sn 82016008</subfield></datafield><datafield ind1="0" ind2="0" tag="780"><subfield code="t">Weekly State journal (Topeka, Kan.)</subfield><subfield code="w">(DLC)sn 85032016</subfield></datafield><datafield ind1="0" ind2="0" tag="785"><subfield code="t">State journal (Topeka, Kan. : Weekly)</subfield><subfield code="w">(DLC)sn 85032051</subfield></datafield></record>